%YAML 1.1
%TAG !u! tag:unity3d.com,2011:
--- !u!29 &1
OcclusionCullingSettings:
  m_ObjectHideFlags: 0
  serializedVersion: 2
  m_OcclusionBakeSettings:
    smallestOccluder: 5
    smallestHole: 0.25
    backfaceThreshold: 100
  m_SceneGUID: 00000000000000000000000000000000
  m_OcclusionCullingData: {fileID: 0}
--- !u!104 &2
RenderSettings:
  m_ObjectHideFlags: 0
  serializedVersion: 8
  m_Fog: 0
  m_FogColor: {r: 0.5, g: 0.5, b: 0.5, a: 1}
  m_FogMode: 3
  m_FogDensity: 0.01
  m_LinearFogStart: 0
  m_LinearFogEnd: 300
  m_AmbientSkyColor: {r: 0.212, g: 0.227, b: 0.259, a: 1}
  m_AmbientEquatorColor: {r: 0.114, g: 0.125, b: 0.133, a: 1}
  m_AmbientGroundColor: {r: 0.047, g: 0.043, b: 0.035, a: 1}
  m_AmbientIntensity: 1
  m_AmbientMode: 0
  m_SubtractiveShadowColor: {r: 0.42, g: 0.478, b: 0.627, a: 1}
  m_SkyboxMaterial: {fileID: 10304, guid: 0000000000000000f000000000000000, type: 0}
  m_HaloStrength: 0.5
  m_FlareStrength: 1
  m_FlareFadeSpeed: 3
  m_HaloTexture: {fileID: 0}
  m_SpotCookie: {fileID: 10001, guid: 0000000000000000e000000000000000, type: 0}
  m_DefaultReflectionMode: 0
  m_DefaultReflectionResolution: 128
  m_ReflectionBounces: 1
  m_ReflectionIntensity: 1
  m_CustomReflection: {fileID: 0}
  m_Sun: {fileID: 0}
  m_IndirectSpecularColor: {r: 0.44657898, g: 0.4964133, b: 0.5748178, a: 1}
--- !u!157 &3
LightmapSettings:
  m_ObjectHideFlags: 0
  serializedVersion: 9
  m_GIWorkflowMode: 0
  m_GISettings:
    serializedVersion: 2
    m_BounceScale: 1
    m_IndirectOutputScale: 1
    m_AlbedoBoost: 1
    m_TemporalCoherenceThreshold: 1
    m_EnvironmentLightingMode: 0
    m_EnableBakedLightmaps: 1
    m_EnableRealtimeLightmaps: 1
  m_LightmapEditorSettings:
    serializedVersion: 8
    m_Resolution: 2
    m_BakeResolution: 40
    m_TextureWidth: 1024
    m_TextureHeight: 1024
    m_AO: 0
    m_AOMaxDistance: 1
    m_CompAOExponent: 1
    m_CompAOExponentDirect: 0
    m_Padding: 2
    m_LightmapParameters: {fileID: 0}
    m_LightmapsBakeMode: 1
    m_TextureCompression: 1
    m_FinalGather: 0
    m_FinalGatherFiltering: 1
    m_FinalGatherRayCount: 256
    m_ReflectionCompression: 2
    m_MixedBakeMode: 1
    m_BakeBackend: 0
    m_PVRSampling: 1
    m_PVRDirectSampleCount: 32
    m_PVRSampleCount: 500
    m_PVRBounces: 2
    m_PVRFiltering: 0
    m_PVRFilteringMode: 1
    m_PVRCulling: 1
    m_PVRFilteringGaussRadiusDirect: 1
    m_PVRFilteringGaussRadiusIndirect: 5
    m_PVRFilteringGaussRadiusAO: 2
    m_PVRFilteringAtrousColorSigma: 1
    m_PVRFilteringAtrousNormalSigma: 1
    m_PVRFilteringAtrousPositionSigma: 1
  m_LightingDataAsset: {fileID: 0}
  m_ShadowMaskMode: 2
--- !u!196 &4
NavMeshSettings:
  serializedVersion: 2
  m_ObjectHideFlags: 0
  m_BuildSettings:
    serializedVersion: 2
    agentTypeID: 0
    agentRadius: 0.5
    agentHeight: 2
    agentSlope: 45
    agentClimb: 0.4
    ledgeDropHeight: 0
    maxJumpAcrossDistance: 0
    minRegionArea: 2
    manualCellSize: 0
    cellSize: 0.16666667
    manualTileSize: 0
    tileSize: 256
    accuratePlacement: 0
  m_NavMeshData: {fileID: 0}
--- !u!1 &453874163
GameObject:
  m_ObjectHideFlags: 0
  m_PrefabParentObject: {fileID: 100000, guid: 440cfce8ec2d287408efe9893bc0504e, type: 3}
  m_PrefabInternal: {fileID: 1222385925}
  serializedVersion: 5
  m_Component:
  - component: {fileID: 453874167}
  - component: {fileID: 453874166}
  - component: {fileID: 453874165}
  - component: {fileID: 453874164}
  - component: {fileID: 453874168}
  m_Layer: 0
  m_Name: level
  m_TagString: Untagged
  m_Icon: {fileID: 0}
  m_NavMeshLayer: 0
  m_StaticEditorFlags: 0
  m_IsActive: 1
--- !u!95 &453874164
Animator:
  serializedVersion: 3
  m_ObjectHideFlags: 0
  m_PrefabParentObject: {fileID: 9500000, guid: 440cfce8ec2d287408efe9893bc0504e,
    type: 3}
  m_PrefabInternal: {fileID: 1222385925}
  m_GameObject: {fileID: 453874163}
  m_Enabled: 1
  m_Avatar: {fileID: 9000000, guid: 440cfce8ec2d287408efe9893bc0504e, type: 3}
  m_Controller: {fileID: 0}
  m_CullingMode: 0
  m_UpdateMode: 0
  m_ApplyRootMotion: 0
  m_LinearVelocityBlending: 0
  m_WarningMessage: 
  m_HasTransformHierarchy: 1
  m_AllowConstantClipSamplingOptimization: 1
--- !u!23 &453874165
MeshRenderer:
  m_ObjectHideFlags: 0
  m_PrefabParentObject: {fileID: 2300000, guid: 440cfce8ec2d287408efe9893bc0504e,
    type: 3}
  m_PrefabInternal: {fileID: 1222385925}
  m_GameObject: {fileID: 453874163}
  m_Enabled: 1
  m_CastShadows: 1
  m_ReceiveShadows: 1
  m_MotionVectors: 1
  m_LightProbeUsage: 1
  m_ReflectionProbeUsage: 1
  m_Materials:
  - {fileID: 2100000, guid: 989b195b4e88d7543a3ec06bf0f70b33, type: 2}
  m_StaticBatchInfo:
    firstSubMesh: 0
    subMeshCount: 0
  m_StaticBatchRoot: {fileID: 0}
  m_ProbeAnchor: {fileID: 0}
  m_LightProbeVolumeOverride: {fileID: 0}
  m_ScaleInLightmap: 1
  m_PreserveUVs: 0
  m_IgnoreNormalsForChartDetection: 0
  m_ImportantGI: 0
  m_SelectedEditorRenderState: 3
  m_MinimumChartSize: 4
  m_AutoUVMaxDistance: 0.5
  m_AutoUVMaxAngle: 89
  m_LightmapParameters: {fileID: 0}
  m_SortingLayerID: 0
  m_SortingLayer: 0
  m_SortingOrder: 0
--- !u!33 &453874166
MeshFilter:
  m_ObjectHideFlags: 0
  m_PrefabParentObject: {fileID: 3300000, guid: 440cfce8ec2d287408efe9893bc0504e,
    type: 3}
  m_PrefabInternal: {fileID: 1222385925}
  m_GameObject: {fileID: 453874163}
  m_Mesh: {fileID: 4300000, guid: 440cfce8ec2d287408efe9893bc0504e, type: 3}
--- !u!4 &453874167
Transform:
  m_ObjectHideFlags: 0
  m_PrefabParentObject: {fileID: 400000, guid: 440cfce8ec2d287408efe9893bc0504e, type: 3}
  m_PrefabInternal: {fileID: 1222385925}
  m_GameObject: {fileID: 453874163}
  m_LocalRotation: {x: -0.7071068, y: 0, z: -0, w: 0.7071068}
  m_LocalPosition: {x: 3, y: 3, z: 0}
  m_LocalScale: {x: 1, y: 1, z: 1}
  m_Children: []
  m_Father: {fileID: 0}
  m_RootOrder: 0
  m_LocalEulerAnglesHint: {x: 0, y: 0, z: 0}
--- !u!64 &453874168
MeshCollider:
  m_ObjectHideFlags: 0
  m_PrefabParentObject: {fileID: 0}
  m_PrefabInternal: {fileID: 0}
  m_GameObject: {fileID: 453874163}
  m_Material: {fileID: 0}
  m_IsTrigger: 0
  m_Enabled: 1
  serializedVersion: 2
  m_Convex: 0
  m_InflateMesh: 0
  m_SkinWidth: 0.01
  m_Mesh: {fileID: 4300000, guid: 440cfce8ec2d287408efe9893bc0504e, type: 3}
--- !u!1 &817456147
GameObject:
  m_ObjectHideFlags: 0
  m_PrefabParentObject: {fileID: 1636487786801526, guid: 327403b61a2a56a489313744438ffb82,
    type: 2}
  m_PrefabInternal: {fileID: 1923806345}
  serializedVersion: 5
  m_Component:
  - component: {fileID: 817456153}
  - component: {fileID: 817456152}
  - component: {fileID: 817456151}
  - component: {fileID: 817456150}
  - component: {fileID: 817456149}
  - component: {fileID: 817456148}
  m_Layer: 0
  m_Name: player1
  m_TagString: Untagged
  m_Icon: {fileID: 0}
  m_NavMeshLayer: 0
  m_StaticEditorFlags: 0
  m_IsActive: 1
--- !u!143 &817456148
CharacterController:
  m_ObjectHideFlags: 0
  m_PrefabParentObject: {fileID: 143995189369505204, guid: 327403b61a2a56a489313744438ffb82,
    type: 2}
  m_PrefabInternal: {fileID: 1923806345}
  m_GameObject: {fileID: 817456147}
  m_Material: {fileID: 0}
  m_IsTrigger: 0
  m_Enabled: 1
  serializedVersion: 2
  m_Height: 2
  m_Radius: 0.5000001
  m_SlopeLimit: 45
  m_StepOffset: 0.3
  m_SkinWidth: 0.08
  m_MinMoveDistance: 0.001
  m_Center: {x: 0, y: 0, z: 0}
--- !u!114 &817456149
MonoBehaviour:
  m_ObjectHideFlags: 0
  m_PrefabParentObject: {fileID: 114802499427150036, guid: 327403b61a2a56a489313744438ffb82,
    type: 2}
  m_PrefabInternal: {fileID: 1923806345}
  m_GameObject: {fileID: 817456147}
  m_Enabled: 1
  m_EditorHideFlags: 0
  m_Script: {fileID: 11500000, guid: 11af312d42e9dd349a6a8805410362d4, type: 3}
  m_Name: 
  m_EditorClassIdentifier: 
  fpsCam: {fileID: 1243459511}
  playerID: 1
  moveSpeed: 5
  mouseSense: 30
  range: 60
--- !u!23 &817456150
MeshRenderer:
  m_ObjectHideFlags: 0
  m_PrefabParentObject: {fileID: 23896189280688780, guid: 327403b61a2a56a489313744438ffb82,
    type: 2}
  m_PrefabInternal: {fileID: 1923806345}
  m_GameObject: {fileID: 817456147}
  m_Enabled: 1
  m_CastShadows: 1
  m_ReceiveShadows: 1
  m_MotionVectors: 1
  m_LightProbeUsage: 1
  m_ReflectionProbeUsage: 1
  m_Materials:
  - {fileID: 10303, guid: 0000000000000000f000000000000000, type: 0}
  m_StaticBatchInfo:
    firstSubMesh: 0
    subMeshCount: 0
  m_StaticBatchRoot: {fileID: 0}
  m_ProbeAnchor: {fileID: 0}
  m_LightProbeVolumeOverride: {fileID: 0}
  m_ScaleInLightmap: 1
  m_PreserveUVs: 1
  m_IgnoreNormalsForChartDetection: 0
  m_ImportantGI: 0
  m_SelectedEditorRenderState: 3
  m_MinimumChartSize: 4
  m_AutoUVMaxDistance: 0.5
  m_AutoUVMaxAngle: 89
  m_LightmapParameters: {fileID: 0}
  m_SortingLayerID: 0
  m_SortingLayer: 0
  m_SortingOrder: 0
--- !u!136 &817456151
CapsuleCollider:
  m_ObjectHideFlags: 0
  m_PrefabParentObject: {fileID: 136523856600682482, guid: 327403b61a2a56a489313744438ffb82,
    type: 2}
  m_PrefabInternal: {fileID: 1923806345}
  m_GameObject: {fileID: 817456147}
  m_Material: {fileID: 0}
  m_IsTrigger: 0
  m_Enabled: 1
  m_Radius: 0.5
  m_Height: 2
  m_Direction: 1
  m_Center: {x: 0, y: 0, z: 0}
--- !u!33 &817456152
MeshFilter:
  m_ObjectHideFlags: 0
  m_PrefabParentObject: {fileID: 33792123798728296, guid: 327403b61a2a56a489313744438ffb82,
    type: 2}
  m_PrefabInternal: {fileID: 1923806345}
  m_GameObject: {fileID: 817456147}
  m_Mesh: {fileID: 10208, guid: 0000000000000000e000000000000000, type: 0}
--- !u!4 &817456153
Transform:
  m_ObjectHideFlags: 0
  m_PrefabParentObject: {fileID: 4849632353766348, guid: 327403b61a2a56a489313744438ffb82,
    type: 2}
  m_PrefabInternal: {fileID: 1923806345}
  m_GameObject: {fileID: 817456147}
  m_LocalRotation: {x: 0, y: 0.7071068, z: 0, w: 0.7071068}
  m_LocalPosition: {x: -10, y: 1.5, z: 0.84}
  m_LocalScale: {x: 1, y: 1, z: 1}
  m_Children:
  - {fileID: 1243459515}
  m_Father: {fileID: 0}
  m_RootOrder: 2
  m_LocalEulerAnglesHint: {x: 0, y: 90, z: 0}
--- !u!1 &847288992
GameObject:
  m_ObjectHideFlags: 0
  m_PrefabParentObject: {fileID: 1201722076199226, guid: 327403b61a2a56a489313744438ffb82,
    type: 2}
  m_PrefabInternal: {fileID: 1066389077}
  serializedVersion: 5
  m_Component:
  - component: {fileID: 847288997}
  - component: {fileID: 847288993}
  - component: {fileID: 847288996}
  - component: {fileID: 847288995}
  - component: {fileID: 847288994}
  m_Layer: 0
  m_Name: fps2
  m_TagString: MainCamera
  m_Icon: {fileID: 0}
  m_NavMeshLayer: 0
  m_StaticEditorFlags: 0
  m_IsActive: 1
--- !u!20 &847288993
Camera:
  m_ObjectHideFlags: 0
  m_PrefabParentObject: {fileID: 20602757312795024, guid: 327403b61a2a56a489313744438ffb82,
    type: 2}
  m_PrefabInternal: {fileID: 1066389077}
  m_GameObject: {fileID: 847288992}
  m_Enabled: 1
  serializedVersion: 2
  m_ClearFlags: 1
  m_BackGroundColor: {r: 0.19215687, g: 0.3019608, b: 0.4745098, a: 0}
  m_NormalizedViewPortRect:
    serializedVersion: 2
    x: 0
    y: 0
    width: 1
    height: 0.5
  near clip plane: 0.3
  far clip plane: 1000
  field of view: 60
  orthographic: 0
  orthographic size: 5
  m_Depth: -1
  m_CullingMask:
    serializedVersion: 2
    m_Bits: 4294967295
  m_RenderingPath: -1
  m_TargetTexture: {fileID: 0}
  m_TargetDisplay: 0
  m_TargetEye: 3
  m_HDR: 0
  m_AllowMSAA: 1
  m_ForceIntoRT: 0
  m_OcclusionCulling: 1
  m_StereoConvergence: 10
  m_StereoSeparation: 0.022
  m_StereoMirrorMode: 0
--- !u!81 &847288994
AudioListener:
  m_ObjectHideFlags: 0
  m_PrefabParentObject: {fileID: 81841216147970922, guid: 327403b61a2a56a489313744438ffb82,
    type: 2}
  m_PrefabInternal: {fileID: 1066389077}
  m_GameObject: {fileID: 847288992}
  m_Enabled: 0
--- !u!124 &847288995
Behaviour:
  m_ObjectHideFlags: 0
  m_PrefabParentObject: {fileID: 124468996075596804, guid: 327403b61a2a56a489313744438ffb82,
    type: 2}
  m_PrefabInternal: {fileID: 1066389077}
  m_GameObject: {fileID: 847288992}
  m_Enabled: 1
--- !u!92 &847288996
Behaviour:
  m_ObjectHideFlags: 0
  m_PrefabParentObject: {fileID: 92380500068811470, guid: 327403b61a2a56a489313744438ffb82,
    type: 2}
  m_PrefabInternal: {fileID: 1066389077}
  m_GameObject: {fileID: 847288992}
  m_Enabled: 1
--- !u!4 &847288997
Transform:
  m_ObjectHideFlags: 0
  m_PrefabParentObject: {fileID: 4330888726945962, guid: 327403b61a2a56a489313744438ffb82,
    type: 2}
  m_PrefabInternal: {fileID: 1066389077}
  m_GameObject: {fileID: 847288992}
  m_LocalRotation: {x: -0, y: -0, z: -0, w: 1}
  m_LocalPosition: {x: 0, y: 0.75, z: 0}
  m_LocalScale: {x: 1, y: 1, z: 1}
  m_Children: []
  m_Father: {fileID: 1542195432}
  m_RootOrder: 0
  m_LocalEulerAnglesHint: {x: 0, y: 0, z: 0}
--- !u!1 &1057868360
GameObject:
  m_ObjectHideFlags: 0
  m_PrefabParentObject: {fileID: 0}
  m_PrefabInternal: {fileID: 0}
  serializedVersion: 5
  m_Component:
  - component: {fileID: 1057868362}
  - component: {fileID: 1057868361}
  m_Layer: 0
  m_Name: Directional Light
  m_TagString: Untagged
  m_Icon: {fileID: 0}
  m_NavMeshLayer: 0
  m_StaticEditorFlags: 0
  m_IsActive: 1
--- !u!108 &1057868361
Light:
  m_ObjectHideFlags: 0
  m_PrefabParentObject: {fileID: 0}
  m_PrefabInternal: {fileID: 0}
  m_GameObject: {fileID: 1057868360}
  m_Enabled: 1
  serializedVersion: 8
  m_Type: 1
  m_Color: {r: 1, g: 0.95686275, b: 0.8392157, a: 1}
  m_Intensity: 1
  m_Range: 10
  m_SpotAngle: 30
  m_CookieSize: 10
  m_Shadows:
    m_Type: 2
    m_Resolution: -1
    m_CustomResolution: -1
    m_Strength: 1
    m_Bias: 0.05
    m_NormalBias: 0.4
    m_NearPlane: 0.2
  m_Cookie: {fileID: 0}
  m_DrawHalo: 0
  m_Flare: {fileID: 0}
  m_RenderMode: 0
  m_CullingMask:
    serializedVersion: 2
    m_Bits: 4294967295
  m_Lightmapping: 4
  m_AreaSize: {x: 1, y: 1}
  m_BounceIntensity: 1
  m_ColorTemperature: 6570
  m_UseColorTemperature: 0
  m_ShadowRadius: 0
  m_ShadowAngle: 0
--- !u!4 &1057868362
Transform:
  m_ObjectHideFlags: 0
  m_PrefabParentObject: {fileID: 0}
  m_PrefabInternal: {fileID: 0}
  m_GameObject: {fileID: 1057868360}
  m_LocalRotation: {x: 0.40821788, y: -0.23456968, z: 0.10938163, w: 0.8754261}
  m_LocalPosition: {x: 0, y: 3, z: 0}
  m_LocalScale: {x: 1, y: 1, z: 1}
  m_Children: []
  m_Father: {fileID: 0}
  m_RootOrder: 1
  m_LocalEulerAnglesHint: {x: 50, y: -30, z: 0}
--- !u!1001 &1066389077
Prefab:
  m_ObjectHideFlags: 0
  serializedVersion: 2
  m_Modification:
    m_TransformParent: {fileID: 0}
    m_Modifications:
    - target: {fileID: 4849632353766348, guid: 327403b61a2a56a489313744438ffb82, type: 2}
      propertyPath: m_LocalPosition.x
      value: -10
      objectReference: {fileID: 0}
    - target: {fileID: 4849632353766348, guid: 327403b61a2a56a489313744438ffb82, type: 2}
      propertyPath: m_LocalPosition.y
      value: 2
      objectReference: {fileID: 0}
    - target: {fileID: 4849632353766348, guid: 327403b61a2a56a489313744438ffb82, type: 2}
      propertyPath: m_LocalPosition.z
      value: -2.71
      objectReference: {fileID: 0}
    - target: {fileID: 4849632353766348, guid: 327403b61a2a56a489313744438ffb82, type: 2}
      propertyPath: m_LocalRotation.x
      value: 0
      objectReference: {fileID: 0}
    - target: {fileID: 4849632353766348, guid: 327403b61a2a56a489313744438ffb82, type: 2}
      propertyPath: m_LocalRotation.y
      value: 0.7071068
      objectReference: {fileID: 0}
    - target: {fileID: 4849632353766348, guid: 327403b61a2a56a489313744438ffb82, type: 2}
      propertyPath: m_LocalRotation.z
      value: 0
      objectReference: {fileID: 0}
    - target: {fileID: 4849632353766348, guid: 327403b61a2a56a489313744438ffb82, type: 2}
      propertyPath: m_LocalRotation.w
      value: 0.7071068
      objectReference: {fileID: 0}
    - target: {fileID: 4849632353766348, guid: 327403b61a2a56a489313744438ffb82, type: 2}
      propertyPath: m_RootOrder
      value: 3
      objectReference: {fileID: 0}
    - target: {fileID: 1636487786801526, guid: 327403b61a2a56a489313744438ffb82, type: 2}
      propertyPath: m_Name
      value: player2
      objectReference: {fileID: 0}
    - target: {fileID: 1201722076199226, guid: 327403b61a2a56a489313744438ffb82, type: 2}
      propertyPath: m_Name
      value: fps2
      objectReference: {fileID: 0}
    - target: {fileID: 20602757312795024, guid: 327403b61a2a56a489313744438ffb82,
        type: 2}
      propertyPath: m_NormalizedViewPortRect.height
      value: 0.5
      objectReference: {fileID: 0}
    - target: {fileID: 81841216147970922, guid: 327403b61a2a56a489313744438ffb82,
        type: 2}
      propertyPath: m_Enabled
      value: 0
      objectReference: {fileID: 0}
    - target: {fileID: 114802499427150036, guid: 327403b61a2a56a489313744438ffb82,
        type: 2}
      propertyPath: playerID
      value: 2
      objectReference: {fileID: 0}
    m_RemovedComponents: []
  m_ParentPrefab: {fileID: 100100000, guid: 327403b61a2a56a489313744438ffb82, type: 2}
  m_RootGameObject: {fileID: 1542195426}
  m_IsPrefabParent: 0
--- !u!1001 &1222385925
Prefab:
  m_ObjectHideFlags: 0
  serializedVersion: 2
  m_Modification:
    m_TransformParent: {fileID: 0}
    m_Modifications:
    - target: {fileID: 400000, guid: 440cfce8ec2d287408efe9893bc0504e, type: 3}
      propertyPath: m_LocalPosition.x
      value: 3
      objectReference: {fileID: 0}
    - target: {fileID: 400000, guid: 440cfce8ec2d287408efe9893bc0504e, type: 3}
      propertyPath: m_LocalPosition.y
      value: 3
      objectReference: {fileID: 0}
    - target: {fileID: 400000, guid: 440cfce8ec2d287408efe9893bc0504e, type: 3}
      propertyPath: m_LocalPosition.z
      value: 0
      objectReference: {fileID: 0}
    - target: {fileID: 400000, guid: 440cfce8ec2d287408efe9893bc0504e, type: 3}
      propertyPath: m_LocalRotation.x
      value: -0.7071068
      objectReference: {fileID: 0}
    - target: {fileID: 400000, guid: 440cfce8ec2d287408efe9893bc0504e, type: 3}
      propertyPath: m_LocalRotation.y
      value: 0
      objectReference: {fileID: 0}
    - target: {fileID: 400000, guid: 440cfce8ec2d287408efe9893bc0504e, type: 3}
      propertyPath: m_LocalRotation.z
      value: -0
      objectReference: {fileID: 0}
    - target: {fileID: 400000, guid: 440cfce8ec2d287408efe9893bc0504e, type: 3}
      propertyPath: m_LocalRotation.w
      value: 0.7071068
      objectReference: {fileID: 0}
    - target: {fileID: 400000, guid: 440cfce8ec2d287408efe9893bc0504e, type: 3}
      propertyPath: m_RootOrder
      value: 0
      objectReference: {fileID: 0}
    m_RemovedComponents: []
  m_ParentPrefab: {fileID: 100100000, guid: 440cfce8ec2d287408efe9893bc0504e, type: 3}
  m_RootGameObject: {fileID: 453874163}
  m_IsPrefabParent: 0
--- !u!1 &1243459510
GameObject:
  m_ObjectHideFlags: 0
  m_PrefabParentObject: {fileID: 1201722076199226, guid: 327403b61a2a56a489313744438ffb82,
    type: 2}
  m_PrefabInternal: {fileID: 1923806345}
  serializedVersion: 5
  m_Component:
  - component: {fileID: 1243459515}
  - component: {fileID: 1243459511}
  - component: {fileID: 1243459514}
  - component: {fileID: 1243459513}
  - component: {fileID: 1243459512}
  m_Layer: 0
  m_Name: fps1
  m_TagString: MainCamera
  m_Icon: {fileID: 0}
  m_NavMeshLayer: 0
  m_StaticEditorFlags: 0
  m_IsActive: 1
--- !u!20 &1243459511
Camera:
  m_ObjectHideFlags: 0
  m_PrefabParentObject: {fileID: 20602757312795024, guid: 327403b61a2a56a489313744438ffb82,
    type: 2}
  m_PrefabInternal: {fileID: 1923806345}
  m_GameObject: {fileID: 1243459510}
  m_Enabled: 1
  serializedVersion: 2
  m_ClearFlags: 1
  m_BackGroundColor: {r: 0.19215687, g: 0.3019608, b: 0.4745098, a: 0}
  m_NormalizedViewPortRect:
    serializedVersion: 2
    x: 0
    y: 0.5
    width: 1
    height: 0.5
  near clip plane: 0.3
  far clip plane: 1000
  field of view: 43
  orthographic: 0
  orthographic size: 5
  m_Depth: -1
  m_CullingMask:
    serializedVersion: 2
    m_Bits: 4294967295
  m_RenderingPath: -1
  m_TargetTexture: {fileID: 0}
  m_TargetDisplay: 0
  m_TargetEye: 3
  m_HDR: 0
  m_AllowMSAA: 1
  m_ForceIntoRT: 0
  m_OcclusionCulling: 1
  m_StereoConvergence: 10
  m_StereoSeparation: 0.022
  m_StereoMirrorMode: 0
--- !u!81 &1243459512
AudioListener:
  m_ObjectHideFlags: 0
  m_PrefabParentObject: {fileID: 81841216147970922, guid: 327403b61a2a56a489313744438ffb82,
    type: 2}
  m_PrefabInternal: {fileID: 1923806345}
  m_GameObject: {fileID: 1243459510}
  m_Enabled: 1
--- !u!124 &1243459513
Behaviour:
  m_ObjectHideFlags: 0
  m_PrefabParentObject: {fileID: 124468996075596804, guid: 327403b61a2a56a489313744438ffb82,
    type: 2}
  m_PrefabInternal: {fileID: 1923806345}
  m_GameObject: {fileID: 1243459510}
  m_Enabled: 1
--- !u!92 &1243459514
Behaviour:
  m_ObjectHideFlags: 0
  m_PrefabParentObject: {fileID: 92380500068811470, guid: 327403b61a2a56a489313744438ffb82,
    type: 2}
  m_PrefabInternal: {fileID: 1923806345}
  m_GameObject: {fileID: 1243459510}
  m_Enabled: 1
--- !u!4 &1243459515
Transform:
  m_ObjectHideFlags: 0
  m_PrefabParentObject: {fileID: 4330888726945962, guid: 327403b61a2a56a489313744438ffb82,
    type: 2}
  m_PrefabInternal: {fileID: 1923806345}
  m_GameObject: {fileID: 1243459510}
  m_LocalRotation: {x: -0, y: -0, z: -0, w: 1}
  m_LocalPosition: {x: 0, y: 0.75, z: 0}
  m_LocalScale: {x: 1, y: 1, z: 1}
  m_Children: []
  m_Father: {fileID: 817456153}
  m_RootOrder: 0
  m_LocalEulerAnglesHint: {x: 0, y: 0, z: 0}
--- !u!1 &1542195426
GameObject:
  m_ObjectHideFlags: 0
  m_PrefabParentObject: {fileID: 1636487786801526, guid: 327403b61a2a56a489313744438ffb82,
    type: 2}
  m_PrefabInternal: {fileID: 1066389077}
  serializedVersion: 5
  m_Component:
  - component: {fileID: 1542195432}
  - component: {fileID: 1542195431}
  - component: {fileID: 1542195430}
  - component: {fileID: 1542195429}
  - component: {fileID: 1542195428}
  - component: {fileID: 1542195427}
  m_Layer: 0
  m_Name: player2
  m_TagString: Untagged
  m_Icon: {fileID: 0}
  m_NavMeshLayer: 0
  m_StaticEditorFlags: 0
  m_IsActive: 1
--- !u!143 &1542195427
CharacterController:
  m_ObjectHideFlags: 0
  m_PrefabParentObject: {fileID: 143995189369505204, guid: 327403b61a2a56a489313744438ffb82,
    type: 2}
  m_PrefabInternal: {fileID: 1066389077}
  m_GameObject: {fileID: 1542195426}
  m_Material: {fileID: 0}
  m_IsTrigger: 0
  m_Enabled: 1
  serializedVersion: 2
  m_Height: 2
  m_Radius: 0.5000001
  m_SlopeLimit: 45
  m_StepOffset: 0.3
  m_SkinWidth: 0.08
  m_MinMoveDistance: 0.001
  m_Center: {x: 0, y: 0, z: 0}
--- !u!114 &1542195428
MonoBehaviour:
  m_ObjectHideFlags: 0
  m_PrefabParentObject: {fileID: 114802499427150036, guid: 327403b61a2a56a489313744438ffb82,
    type: 2}
  m_PrefabInternal: {fileID: 1066389077}
  m_GameObject: {fileID: 1542195426}
  m_Enabled: 1
  m_EditorHideFlags: 0
  m_Script: {fileID: 11500000, guid: 11af312d42e9dd349a6a8805410362d4, type: 3}
  m_Name: 
  m_EditorClassIdentifier: 
  fpsCam: {fileID: 847288993}
  playerID: 2
  moveSpeed: 5
  mouseSense: 30
  range: 60
--- !u!23 &1542195429
MeshRenderer:
  m_ObjectHideFlags: 0
  m_PrefabParentObject: {fileID: 23896189280688780, guid: 327403b61a2a56a489313744438ffb82,
    type: 2}
  m_PrefabInternal: {fileID: 1066389077}
  m_GameObject: {fileID: 1542195426}
  m_Enabled: 1
  m_CastShadows: 1
  m_ReceiveShadows: 1
  m_MotionVectors: 1
  m_LightProbeUsage: 1
  m_ReflectionProbeUsage: 1
  m_Materials:
  - {fileID: 10303, guid: 0000000000000000f000000000000000, type: 0}
  m_StaticBatchInfo:
    firstSubMesh: 0
    subMeshCount: 0
  m_StaticBatchRoot: {fileID: 0}
  m_ProbeAnchor: {fileID: 0}
  m_LightProbeVolumeOverride: {fileID: 0}
  m_ScaleInLightmap: 1
  m_PreserveUVs: 1
  m_IgnoreNormalsForChartDetection: 0
  m_ImportantGI: 0
  m_SelectedEditorRenderState: 3
  m_MinimumChartSize: 4
  m_AutoUVMaxDistance: 0.5
  m_AutoUVMaxAngle: 89
  m_LightmapParameters: {fileID: 0}
  m_SortingLayerID: 0
  m_SortingLayer: 0
  m_SortingOrder: 0
--- !u!136 &1542195430
CapsuleCollider:
  m_ObjectHideFlags: 0
  m_PrefabParentObject: {fileID: 136523856600682482, guid: 327403b61a2a56a489313744438ffb82,
    type: 2}
  m_PrefabInternal: {fileID: 1066389077}
  m_GameObject: {fileID: 1542195426}
  m_Material: {fileID: 0}
  m_IsTrigger: 0
  m_Enabled: 1
  m_Radius: 0.5
  m_Height: 2
  m_Direction: 1
  m_Center: {x: 0, y: 0, z: 0}
--- !u!33 &1542195431
MeshFilter:
  m_ObjectHideFlags: 0
  m_PrefabParentObject: {fileID: 33792123798728296, guid: 327403b61a2a56a489313744438ffb82,
    type: 2}
  m_PrefabInternal: {fileID: 1066389077}
  m_GameObject: {fileID: 1542195426}
  m_Mesh: {fileID: 10208, guid: 0000000000000000e000000000000000, type: 0}
--- !u!4 &1542195432
Transform:
  m_ObjectHideFlags: 0
  m_PrefabParentObject: {fileID: 4849632353766348, guid: 327403b61a2a56a489313744438ffb82,
    type: 2}
  m_PrefabInternal: {fileID: 1066389077}
  m_GameObject: {fileID: 1542195426}
  m_LocalRotation: {x: 0, y: 0.7071068, z: 0, w: 0.7071068}
  m_LocalPosition: {x: -10, y: 2, z: -2.71}
  m_LocalScale: {x: 1, y: 1, z: 1}
  m_Children:
  - {fileID: 847288997}
  m_Father: {fileID: 0}
  m_RootOrder: 3
  m_LocalEulerAnglesHint: {x: 0, y: 90, z: 0}
--- !u!1001 &1923806345
Prefab:
  m_ObjectHideFlags: 0
  serializedVersion: 2
  m_Modification:
    m_TransformParent: {fileID: 0}
    m_Modifications:
    - target: {fileID: 4849632353766348, guid: 327403b61a2a56a489313744438ffb82, type: 2}
      propertyPath: m_LocalPosition.x
      value: -10
      objectReference: {fileID: 0}
    - target: {fileID: 4849632353766348, guid: 327403b61a2a56a489313744438ffb82, type: 2}
      propertyPath: m_LocalPosition.y
      value: 1.5
      objectReference: {fileID: 0}
    - target: {fileID: 4849632353766348, guid: 327403b61a2a56a489313744438ffb82, type: 2}
      propertyPath: m_LocalPosition.z
      value: 0.84
      objectReference: {fileID: 0}
    - target: {fileID: 4849632353766348, guid: 327403b61a2a56a489313744438ffb82, type: 2}
      propertyPath: m_LocalRotation.x
      value: 0
      objectReference: {fileID: 0}
    - target: {fileID: 4849632353766348, guid: 327403b61a2a56a489313744438ffb82, type: 2}
      propertyPath: m_LocalRotation.y
      value: 0.7071068
      objectReference: {fileID: 0}
    - target: {fileID: 4849632353766348, guid: 327403b61a2a56a489313744438ffb82, type: 2}
      propertyPath: m_LocalRotation.z
      value: 0
      objectReference: {fileID: 0}
    - target: {fileID: 4849632353766348, guid: 327403b61a2a56a489313744438ffb82, type: 2}
      propertyPath: m_LocalRotation.w
      value: 0.7071068
      objectReference: {fileID: 0}
    - target: {fileID: 4849632353766348, guid: 327403b61a2a56a489313744438ffb82, type: 2}
      propertyPath: m_RootOrder
      value: 2
      objectReference: {fileID: 0}
    - target: {fileID: 20602757312795024, guid: 327403b61a2a56a489313744438ffb82,
        type: 2}
      propertyPath: m_NormalizedViewPortRect.y
      value: 0.5
      objectReference: {fileID: 0}
    - target: {fileID: 20602757312795024, guid: 327403b61a2a56a489313744438ffb82,
        type: 2}
      propertyPath: m_NormalizedViewPortRect.height
      value: 0.5
      objectReference: {fileID: 0}
    - target: {fileID: 114802499427150036, guid: 327403b61a2a56a489313744438ffb82,
        type: 2}
      propertyPath: playerID
      value: 1
      objectReference: {fileID: 0}
    - target: {fileID: 20602757312795024, guid: 327403b61a2a56a489313744438ffb82,
        type: 2}
      propertyPath: m_NormalizedViewPortRect.width
      value: 1
      objectReference: {fileID: 0}
    - target: {fileID: 20602757312795024, guid: 327403b61a2a56a489313744438ffb82,
        type: 2}
      propertyPath: m_NormalizedViewPortRect.x
      value: 0
      objectReference: {fileID: 0}
    - target: {fileID: 20602757312795024, guid: 327403b61a2a56a489313744438ffb82,
        type: 2}
      propertyPath: field of view
      value: 43
      objectReference: {fileID: 0}
    m_RemovedComponents: []
  m_ParentPrefab: {fileID: 100100000, guid: 327403b61a2a56a489313744438ffb82, type: 2}
  m_RootGameObject: {fileID: 817456147}
  m_IsPrefabParent: 0
